@article{origin,
  author    = {Barbara Kordy and
               Sjouke Mauw and
               Sasa Radomirovic and
               Patrick Schweitzer},
  title     = {Attack-defense trees},
  journal   = {J. Log. Comput.},
  volume    = {24},
  number    = {1},
  pages     = {55--87},
  year      = {2014},
  url       = {https://doi.org/10.1093/logcom/exs029},
  doi       = {10.1093/logcom/exs029},
  timestamp = {Wed, 14 Jun 2017 20:38:30 +0200},
  biburl    = {https://dblp.org/rec/bib/journals/logcom/KordyMRS14},
  bibsource = {dblp computer science bibliography, https://dblp.org}
}
